@misc{ISOWiki,
    title = "ISO/IEC 12207",
    note = "Available at
        \url{http://en.wikipedia.org/wiki/ISO/IEC_12207}",
    author = "Wikipedia",
    year = 2012
}

@misc{GccWiki,
    title = "GNU Compiler Collection",
    note = "Available at
        \url{http://en.wikipedia.org/wiki/GNU_Compiler_Collection#Architectures}",
    author = "Wikipedia",
    year = 2012
}

@article{EmbSysState,
    title = "Embedded Software Engineering: The State of the Practice",
    author = "Bas Graaf and Marco Lormans and Hans Toetenel",
    year = 2003,
    journal = "IEEE"
}

@incollection{EmbSysWD,
    title = "Criteria for Compatible Software Functions",
    booktitle = "Embedded System: World class Design",
    author = "Keith E. Curtis",
    year = 2007,
    publisher = "Newnes"
}

@misc{ROOM,
    author    = "Wikipedia",
    title     = "ObjecTime",
    year      = "2012",
    note      = "Available at
        \url{http://en.wikipedia.org/wiki/ObjecTime}"
}

@techreport{EmbMtn,
    title     = "Embedded Software Maintenance",
    author    = "Mikael Lindvall and Seija Komi-Sirvi√∂ and Patricia Costa and Carolyn
        Seaman",
    institution = "Fraunhofer Center for Experimental Software Engineering Maryland and
The University of Maryland",
    year      = 2003
}
